% You can generate BibTeX-style bibliography entries from e.g Google Scholar (Cite -> BibTeX)

@misc{efm32referencemanual,
    title={EFM32GG Reference Manual},
    howpublished={\url{http://www.silabs.com/Support\%20Documents/TechnicalDocs/EFM32GG-RM.pdf}},
    note={Accessed: 06.02.2015}
}

@book{compendium,
  title={Lab Exercises in TDT4258 Energy Efficient Computer Systems},
  author={Computer Architecture and Design Group, Department of Computer and Information Science},
  year={2014},
  publisher={NTNU}
}

@book{wolf2012computers,
  title={Computers as Components, Principles of Embedded Computing System Design, 3rd ed.},
  author={Wolf, M.},
  isbn={9780123884367},
  year={2012},
  publisher={O'REILLY}
}

@book{ldd3,
  title={Linux Device Drivers, 3rd ed.},
  author={Corbet, J., Rubini, A. and Kroah-Hartman, G.},
  isbn={0596005903},
  year={2005},
  publisher={Elsevier}
}

@misc{ex1,
    title={Exercise 1},
    howpublished={\url{https://github.com/lima92/EEDS/raw/master/Ex1/Ex1\_Report.pdf}},
    note={Accessed: 07.03.2015}
}

@misc{ex2,
    title={Exercise 2},
    howpublished={\url{https://github.com/lima92/EEDS/raw/master/Ex1/Ex1\_Report.pdf}},
    note={Accessed: 24.04.2015}
}

@misc{cortexm3,
    title={An Introduction to the ARM Cortex-M3 Processor},
    howpublished={\url{http://www.arm.com/files/pdf/introToCortex-M3.pdf}},
    note={Accessed: 06.02.2015}
}


@misc{ptxdist,
    title={PTXdist},
    howpublished={\url{http://elinux.org/PTXdist}},
    note={Accessed: 26.04.2015}
}